@inproceedings{icfp14,
 author = {Kaki, Gowtham and Jagannathan, Suresh},
 title = {A Relational Framework for Higher-order Shape Analysis},
 booktitle = {Proceedings of the 19th ACM SIGPLAN International Conference on Functional Programming},
 series = {ICFP '14},
 location = {Gothenburg, Sweden},
 url = {http://doi.acm.org/10.1145/2628136.2628159},
 year={2014}
}

@inproceedings{pldi15,
 author = {KC, Sivaramakrishnan and Kaki, Gowtham and Jagannathan, Suresh},
 title = {Declarative Programming over Eventually Consistent Data Stores},
 booktitle={PLDI'15 (under submission)},
 url = {http://gowthamk.github.io/docs/quelea.pdf},
}

@Misc{mvd14,
  author =       {Kaki, Gowtham},
  title =        {Relational Verification beyond Shape Analysis},
  note =         {Presented at the Midwest Verification Day (MVD'14),
                  Columbia, MO. },
  url={http://gowthamk.github.io/docs/mvd14.pdf},
}
@article{cassandra,
 author = {Lakshman, Avinash and Malik, Prashant},
 title = {Cassandra: A Decentralized Structured Storage System},
 journal = {SIGOPS Oper. Syst. Rev.},
 issue_date = {April 2010},
 url = {http://doi.acm.org/10.1145/1773912.1773922},
 year={2010},
}
@article{cosql,
 author = {Meijer, Erik and Bierman, Gavin},
 title = {A co-Relational Model of Data for Large Shared Data Banks},
 journal = {ACM Queue},
 issue_date = {March 2011},
 url = {http://doi.acm.org/10.1145/1952746.1961297},
 publisher = {ACM},
 year={2011},
}
@misc{datastax,
	key = {Datastax},
	title={{Apache Cassandra 1.1 Documentation}},
	howpublished = {\url{http://www.datastax.com/docs/1.1/dml/data_consistency}},
	note = {Accessed: 2014-12-23 13:21:00},
}
